@manual{V105,
  author = {TU Dortmund},
  title = {V105 - Das magnetisches Moment},
  year = 2018
}
